<?xml version="1.0" encoding="UTF-8"?><collection xmlns="http://www.loc.gov/MARC21/slim"><record><leader>00424nam--2200121-i-4500</leader><controlfield tag="001">000027540</controlfield><controlfield tag="002">20161230</controlfield><controlfield tag="005">20161230201036</controlfield><controlfield tag="008">060222s1000------------r-----000-0-eng-d</controlfield><datafield ind1=" " ind2=" " tag="245"><subfield code="a">The matabolism of compounds of plutonium and other actinides. a report prepared by a task group commitee i of the icrp, adopted by the commission in may 1972</subfield></datafield><datafield ind1=" " ind2=" " tag="260"><subfield code="a">Oxford, Pergamon Press, 1972</subfield></datafield><datafield ind1=" " ind2=" " tag="490"><subfield code="a">Icrp Publications</subfield></datafield><datafield ind1=" " ind2=" " tag="852"><subfield code="a">14285</subfield></datafield></record></collection>